@misc{nam-2014, 
	place = {Assen, Drenthe}, 
	title = {Gasveld Groningen}, 
	url = {https://www.nam.nl/algemeen/mediatheek-en-downloads/brochers/_jcr_content/par/textimage.stream/1474410748285/70797b9b4c4fe21a9e1e5b22d329e7ca170dd1a2c4e7abe8abd1b696a593b779/flyer-namg50ned.pdf}, 
	journal = {Gasveld Groningen}, 
	publisher = {NAM}, 
	author = {NAM}, 
	year = {2014}
}

@inproceedings{Botter,
  author       = {Barend J. Botter},
  title        = {GAS in the NETHERLANDS: The VITAL COMBINATION of MANY SMALL FIELDS and a GLOBAL GIANT  },
  date         = {November 2009},
  booktitle    = {AAPG European Region Annual Conference},
  eventdate    = {23 November 2009 / 24 November 2009},
  venue        = {Paris-Malmaison, France},
  publisher    = {AAPG European Region Annual Conference },
  location     = {Paris-Malmaison, France},
  }

@misc{mijnwet,
    author = {Dutch Government},
    title = {Mijnwet 1903},
    howpublished = {Wet},
    url = {http://wetten.overheid.nl/BWBR0001870/1999-02-17},
    year = {1903}
}

@misc{oprichting-nam,
  title = {Our History},
  howpublished = {\url{https://www.nam.nl/over-ons/onze-historie.html}},
  note = {Accessed: 25-04-2018}
}



